
@article{ADM,
author = {Stephen Boyd and Neal Parikh and Eric Chu and Borja Peleato and Jonathan Eckstein},
title = {Distributed Optimization and Statistical Learning via the Alternating Direction Method of Multipliers},
year = {2010},
journal = {Foundations and Trends in Machine Learning},
volume={3},
number={1},
pages={1-123}.
}

@inproceedings{kim2003autonomous,
  title={Autonomous helicopter flight via reinforcement learning},
  author={Kim, HJ and Jordan, Michael I and Sastry, Shankar and Ng, Andrew Y},
  booktitle={Advances in neural information processing systems},
  pages={None},
  year={2003}
}


@article{LSTM,
  title={Learning to forget: Continual prediction with LSTM},
  author={Gers, Felix A and Schmidhuber, J{\"u}rgen and Cummins, Fred},
  journal={Neural computation},
  volume={12},
  number={10},
  pages={2451--2471},
  year={2000},
  publisher={MIT Press}
}

@ARTICLE{623201, 
author={Prokhorov, D.V. and Wunsch, D.C.}, 
journal={Neural Networks, IEEE Transactions on}, 
title={Adaptive critic designs}, 
year={1997}, 
volume={8}, 
number={5}, 
pages={997-1007}, 
keywords={adaptive control;backpropagation;duality (mathematics);dynamic programming;generalisation (artificial intelligence);heuristic programming;neurocontrollers;adaptive critic designs;backpropagation;dynamic programming;generalizations;generalized training procedure;globalized dual heuristic programming;neural nets;neurocontrol;optimal control;optimization;reinforcement learning;Adaptive control;Backpropagation algorithms;Dynamic programming;Hebbian theory;Neural engineering;Neural networks;Optimal control;Programmable control;Supervised learning;Working environment noise}, 
doi={10.1109/72.623201}, 
ISSN={1045-9227}, 
 month={Sep},}



@MISC{Bastien-Theano-2012,
        author = {Bastien, Fr{\'{e}}d{\'{e}}ric and Lamblin, Pascal and Pascanu, Razvan and Bergstra, James and Goodfellow, Ian J. and Bergeron, Arnaud and Bouchard, Nicolas and Bengio, Yoshua},
         title = {Theano: new features and speed improvements},
          year = {2012},
  howpublished = {Deep Learning and Unsupervised Feature Learning NIPS 2012 Workshop},
      abstract = {Theano is a linear algebra compiler that optimizes a user?s symbolically-speci?ed
mathematical computations to produce ef?cient low-level implementations. In
this paper, we present new features and ef?ciency improvements to Theano, and
benchmarks demonstrating Theano?s performance relative to Torch7, a recently
introduced machine learning library, and to RNNLM, a C++ library targeted at
recurrent neural networks.}
}



@article{saad1998comparative,
  title={Comparative study of stock trend prediction using time delay, recurrent and probabilistic neural networks},
  author={Saad, Emad W and Prokhorov, Danil V and Wunsch, Donald C and others},
  journal={Neural Networks, IEEE Transactions on},
  volume={9},
  number={6},
  pages={1456--1470},
  year={1998},
  publisher={IEEE}
}

@article{prokhorov2001dynamical,
  title={Dynamical neural networks for control},
  author={Prokhorov, D and Puskorius, G and Feldkamp, L},
  journal={A field guide to dynamical recurrent networks},
  pages={23--78},
  year={2001},
  publisher={IEEE Press}
}

@ARTICLE{TII_FN,
author={Behbood, V. and Jie Lu and Guangquan Zhang},
journal={Industrial Informatics, IEEE Transactions on},
title={Fuzzy Refinement Domain Adaptation for Long Term Prediction in Banking Ecosystem},
year={2014},
month={May},
volume={10},
number={2},
pages={1637-1646},
keywords={banking;fuzzy set theory;fuzzy systems;prediction theory;bank failure financial data;banking applications;banking ecosystem;ecosystem-oriented architecture;fuzzy refinement domain adaptation;fuzzy system;long term bank failure prediction;machine learning methods;prediction accuracy;refinement algorithms;shift-unaware prediction model;test data;Adaptation models;Banking;Classification algorithms;Ecosystems;Machine learning;Machine learning algorithms;Prediction algorithms;Bank failure prediction;banking ecosystem;domain adaptation;machine learning},
doi={10.1109/TII.2012.2232935},
ISSN={1551-3203},}

@article{SC_nature,
  title={Emergence of simple-cell receptive field properties by learning a sparse code for natural images},
  author={Olshausen, Bruno A and others},
  journal={Nature},
  volume={381},
  number={6583},
  pages={607--609},
  year={1996}
}


@article{wright2009robust,
  title={Robust face recognition via sparse representation},
  author={Wright, John and Yang, Allen Y and Ganesh, Arvind and Sastry, Shankar S and Ma, Yi},
  journal={Pattern Analysis and Machine Intelligence, IEEE Transactions on},
  volume={31},
  number={2},
  pages={210--227},
  year={2009},
  publisher={IEEE}
}

@article{RB,
  title={The profitability of technical trading rules in the Asian stock markets},
  author={Bessembinder, Hendrik and Chan, Kalok},
  journal={Pacific-Basin Finance Journal},
  volume={3},
  number={2},
  pages={257--284},
  year={1995},
  publisher={Elsevier}
}

@ARTICLE{TII_TS,
author={Seshadrinath, J. and Singh, B. and Panigrahi, B.K.},
journal={Industrial Informatics, IEEE Transactions on},
title={Vibration Analysis Based Interturn Fault Diagnosis in Induction Machines},
year={2014},
month={Feb},
volume={10},
number={1},
pages={340-350},
keywords={Bayes methods;asynchronous machines;electric machine analysis computing;fault diagnosis;feature extraction;feedforward neural nets;mechanical engineering computing;principal component analysis;regression analysis;trees (mathematics);vibrations;wavelet transforms;DTCWT-PNN based technique;dual tree complex wavelet transform;feature extraction;feature set dimension reduction;feature size dimension reduction;feedforward neural network;induction machines;invariant analytical wavelet transform;nai?ve Bayes scheme;optimum network size;orthogonal least squares regression algorithm;principal component analysis;probabilistic neural network;vibration analysis based interturn fault diagnosis;vibration signatures;Complex wavelets;fault diagnosis;orthogonal least squares regression;probabilistic neural network;triaxial vibrations},
doi={10.1109/TII.2013.2271979},
ISSN={1551-3203},}

@ARTICLE{TII_ML,
author={Susto, G. and Schirru, A. and Pampuri, S. and McLoone, S. and Beghi, A.},
journal={Industrial Informatics, IEEE Transactions on},
title={Machine Learning for Predictive Maintenance: a Multiple Classifiers Approach},
year={2014},
month={},
volume={PP},
number={99},
pages={1-1},
keywords={Availability;Informatics;Manufacturing;Predictive maintenance;Production;Training},
doi={10.1109/TII.2014.2349359},
ISSN={1551-3203},}

@ARTICLE{6846360,
author={Nader, P. and Honeine, P. and Beauseroy, P.},
journal={Industrial Informatics, IEEE Transactions on},
title={l_p-norms in One-Class Classification for Intrusion Detection in SCADA Systems},
year={2014},
month={},
volume={PP},
number={99},
pages={1-1},
keywords={Bandwidth;Computer crime;Kernel;Optimization;Pipelines;Support vector machines;Training},
doi={10.1109/TII.2014.2330796},
ISSN={1551-3203},}

@article{TD1,
  title={TD-Gammon, a self-teaching backgammon program, achieves master-level play},
  author={Tesauro, Gerald},
  journal={Neural computation},
  volume={6},
  number={2},
  pages={215--219},
  year={1994},
  publisher={MIT Press}
}

@article{TD2,
  title={Temporal difference learning and TD-Gammon},
  author={Tesauro, Gerald},
  journal={Communications of the ACM},
  volume={38},
  number={3},
  pages={58--68},
  year={1995}
}

@book{pring1991technical,
  title={Technical analysis explained: The successful investor's guide to spotting investment trends and turning points},
  author={Pring, Martin J},
  volume={4},
  year={1991},
  publisher={McGraw-Hill New-York}
}

@article{grondman2012survey,
  title={A survey of actor-critic reinforcement learning: Standard and natural policy gradients},
  author={Grondman, Ivo and Busoniu, Lucian and Lopes, Gabriel AD and Babuska, Robert},
  journal={Systems, Man, and Cybernetics, Part C: Applications and Reviews, IEEE Transactions on},
  volume={42},
  number={6},
  pages={1291--1307},
  year={2012},
  publisher={IEEE}
}


@ARTICLE{TII_CS,
author={Shancang Li and Li Da Xu and Xinheng Wang},
journal={Industrial Informatics, IEEE Transactions on},
title={A Continuous Biomedical Signal Acquisition System Based on Compressed Sensing in Body Sensor Networks},
year={2013},
month={Aug},
volume={9},
number={3},
pages={1764-1771},
keywords={body sensor networks;compressed sensing;diseases;health care;medical signal processing;patient diagnosis;sampling methods;signal reconstruction;signal representation;CS-based BSN;body sensor networks;chronic diseases;compressed sensing;continuous biomedical signal acquisition system;energy-efficient low communication burden;healthcare quality;random sampling;signal reconstruction;sparse biomedical signal representation;sparsification model;weighted group sparse reconstruction algorithm;Biomedical measurements;Compressed sensing;Electrocardiography;Medical services;Monitoring;Sparse matrices;Vectors;Biomedical signals;body sensor networks (BSNs);compressed sensing (CS)},
doi={10.1109/TII.2013.2245334},
ISSN={1551-3203},}

@ARTICLE{TII_SC1,
author={Tianxiang Bai and Youfu Li},
journal={Industrial Informatics, IEEE Transactions on},
title={Robust Visual Tracking Using Flexible Structured Sparse Representation},
year={2014},
month={Feb},
volume={10},
number={1},
pages={538-547},
keywords={image matching;image representation;learning (artificial intelligence);object tracking;pattern clustering;set theory;BOMP;block orthogonal matching pursuit algorithm;clustered background subspaces;complex nonlinear appearance manifold;flexible appearance model;flexible structured sparse representation;multiple incremental learned target subspaces;partitioned occlusion template set;robust visual tracking;Appearance model;block orthogonal matching pursuit;sparse representation;visual tracking},
doi={10.1109/TII.2013.2272089},
ISSN={1551-3203},}


@article{kirilenko2011flash,
  title={The flash crash: The impact of high frequency trading on an electronic market},
  author={Kirilenko, Andrei and Kyle, Albert S and Samadi, Mehrdad and Tuzun, Tugkan},
  journal={Manuscript, U of Maryland},
  year={2011}
}

@article{ADM,
author = {Stephen Boyd and Neal Parikh and Eric Chu and Borja Peleato and Jonathan Eckstein},
title = {Distributed Optimization and Statistical Learning via the Alternating Direction Method of Multipliers},
year = {2010},
journal = {Foundations and Trends in Machine Learning},
volume={3},
number={1},
pages={1-123}.
}



@article{dempster2001computational,
  title={Computational learning techniques for intraday FX trading using popular technical indicators},
  author={Dempster, MAH and Payne, Tom W and Romahi, Yazann and Thompson, GWP},
  journal={IEEE Transactions on neural networks},
  volume={12},
  number={4},
  pages={744--754},
  year={2001}
}

@article{dempster2006automated,
  title={An automated FX trading system using adaptive reinforcement learning},
  author={Dempster, Michael AH and Leemans, V},
  journal={Expert Systems with Applications},
  volume={30},
  number={3},
  pages={543--552},
  year={2006},
  publisher={Elsevier}
}


@article{mlhft,
  title={Machine Learning for Market Microstructure and High Frequency Trading},
  author={Kearns, Michael and Nevmyvaka, Yuriy},
  year={2013},
  journal={Risk Books},
  publisher={Elsevier}
}

@article{olshausen1997sparse,
  title={Sparse coding with an overcomplete basis set: A strategy employed by V1?},
  author={Olshausen, Bruno A and Field, David J},
  journal={Vision research},
  volume={37},
  number={23},
  pages={3311--3325},
  year={1997},
  publisher={Elsevier}
}


@article{hu2014robust,
  title={Robust and accurate transient light transport decomposition via convolutional sparse coding},
  author={Hu, Xuemei and Deng, Yue and Lin, Xing and Suo, Jinli and Dai, Qionghai and Barsi, Christopher and Raskar, Ramesh},
  journal={Optics letters},
  volume={39},
  number={11},
  pages={3177--3180},
  year={2014},
  publisher={Optical Society of America}
}

@article{hendershott2011does,
  title={Does algorithmic trading improve liquidity?},
  author={Hendershott, Terrence and Jones, Charles M and Menkveld, Albert J},
  journal={The Journal of Finance},
  volume={66},
  number={1},
  pages={1--33},
  year={2011},
  publisher={Wiley Online Library}
}

@book{aldridge2013high,
  title={High-frequency trading: a practical guide to algorithmic strategies and trading systems},
  author={Aldridge, Irene},
  year={2013},
  publisher={John Wiley \& Sons}
}

@article{vinje2000sparse,
  title={Sparse coding and decorrelation in primary visual cortex during natural vision},
  author={Vinje, William E and Gallant, Jack L},
  journal={Science},
  volume={287},
  number={5456},
  pages={1273--1276},
  year={2000},
  publisher={American Association for the Advancement of Science}
}

@inproceedings{mairal2009supervised,
  title={Supervised dictionary learning},
  author={Mairal, Julien and Ponce, Jean and Sapiro, Guillermo and Zisserman, Andrew and Bach, Francis R},
  booktitle={Advances in neural information processing systems},
  pages={1033--1040},
  year={2009}
}

@article{aharon2006svd,
  title={K-svd: An algorithm for designing overcomplete dictionaries for sparse representation},
  author={Aharon, Michal and Elad, Michael and Bruckstein, Alfred},
  journal={Signal Processing, IEEE Transactions on},
  volume={54},
  number={11},
  pages={4311--4322},
  year={2006},
  publisher={IEEE}
}

@inproceedings{sivaram2010sparse,
  title={Sparse coding for speech recognition},
  author={Sivaram, Garimella SVS and Nemala, Sridhar Krishna and Elhilali, Mounya and Tran, Trac D and Hermansky, Hynek},
  booktitle={Acoustics Speech and Signal Processing (ICASSP), 2010 IEEE International Conference on},
  pages={4346--4349},
  year={2010},
  organization={IEEE}
}

@article{moody1998performance,
  title={Performance functions and reinforcement learning for trading systems and portfolios},
  author={Moody, John and Wu, Lizhong and Liao, Yuansong and Saffell, Matthew},
  journal={Journal of Forecasting},
  volume={17},
  number={56},
  pages={441--470},
  year={1998}
}

@article{yangBilevel,
author={Jianchao Yang and Zhaowen Wang and Zhe Lin and Cohen, S. and Huang, T.},
journal={Image Processing, IEEE Transactions on},
title={Coupled Dictionary Training for Image Super-Resolution},
year={2012},
month={Aug},
volume={21},
number={8},
pages={3467-3478},
ISSN={1057-7149},}

@book{bard1998practical,
  title={Practical bilevel optimization: algorithms and applications},
  author={Bard, Jonathan F},
  volume={30},
  year={1998},
  publisher={Springer}
}

@inproceedings{boureau2010learning,
  title={Learning mid-level features for recognition},
  author={Boureau, Y-L and Bach, Francis and LeCun, Yann and Ponce, Jean},
  booktitle={Computer Vision and Pattern Recognition (CVPR), 2010 IEEE Conference on},
  pages={2559--2566},
  year={2010},
  organization={IEEE}
}


@article{frino2005slippage,
  title={Slippage in futures markets: Evidence from the Sydney Futures Exchange},
  author={Frino, Alex and Oetomo, Teddy},
  journal={Journal of Futures Markets},
  volume={25},
  number={12},
  pages={1129--1146},
  year={2005},
  publisher={Wiley Online Library}
}

@article{chordia2013high,
  title={High-frequency trading},
  author={Chordia, Tarun and Goyal, Amit and Lehmann, Bruce N and Saar, Gideon},
  journal={Journal of Financial Markets},
  volume={16},
  number={4},
  pages={637--645},
  year={2013},
  publisher={Elsevier}
}

@article{taylor1992use,
  title={The use of technical analysis in the foreign exchange market},
  author={Taylor, Mark P and Allen, Helen},
  journal={Journal of international Money and Finance},
  volume={11},
  number={3},
  pages={304--314},
  year={1992},
  publisher={Elsevier}
}

@inproceedings{pednault2002sequential,
  title={Sequential cost-sensitive decision making with reinforcement learning},
  author={Pednault, Edwin and Abe, Naoki and Zadrozny, Bianca},
  booktitle={Proceedings of the eighth ACM SIGKDD international conference on Knowledge discovery and data mining},
  pages={259--268},
  year={2002},
  organization={ACM}
}

@inproceedings{nevmyvaka2006reinforcement,
  title={Reinforcement learning for optimized trade execution},
  author={Nevmyvaka, Yuriy and Feng, Yi and Kearns, Michael},
  booktitle={Proceedings of the 23rd international conference on Machine learning},
  pages={673--680},
  year={2006},
  organization={ACM}
}

@book{sutton1998introduction,
  title={Introduction to reinforcement learning},
  author={Sutton, Richard S and Barto, Andrew G},
  year={1998},
  publisher={MIT Press}
}

@article{li2013confidence,
  title={Confidence weighted mean reversion strategy for online portfolio selection},
  author={Li, Bin and Hoi, Steven CH and Zhao, Peilin and Gopalkrishnan, Vivekanand},
  journal={ACM Transactions on Knowledge Discovery from Data (TKDD)},
  volume={7},
  number={1},
  pages={4},
  year={2013},
  publisher={ACM}
}



@article{TSK,
  title={Task-driven dictionary learning},
  author={Mairal, Julien and Bach, Francis and Ponce, Jean},
  journal={Pattern Analysis and Machine Intelligence, IEEE Transactions on},
  volume={34},
  number={4},
  pages={791--804},
  year={2012},
  publisher={IEEE}
}








@article{sparsedictionary,
  title={Efficient sparse coding algorithms},
  author={Lee, H. and Battle, A. and Raina, R. and Ng, A.Y.},
  journal={Advances in neural information processing systems},
  volume={19},
  pages={801},
  year={2007},
  publisher={MIT; 1998}
}

@ARTICLE{deng-jstsp,
author={Deng, Y. and Liu, Y. and Dai, Q. and Zhang, Z. and Wang, Y.},
journal={Selected Topics in Signal Processing, IEEE Journal of}, title={Noisy Depth Maps Fusion for Multiview Stereo Via Matrix Completion},
year={2012},
month={sept. },
volume={6},
number={5},
pages={566 -582},
keywords={},
doi={10.1109/JSTSP.2012.2195472},
ISSN={1932-4553},}







@ARTICLE{dengtip,
author={Yue Deng and Qionghai Dai and Zengke Zhang},
journal={Image Processing, IEEE Transactions on}, title={Graph Laplace for Occluded Face Completion and Recognition},
year={2011},
month={aug. },
volume={20},
number={8},
pages={2329 -2338},
keywords={Poisson equation;face image repairing;face recognition;graph Laplace equation;image-based data mining;occluded face image completion algorithm;partially occluded face classification;sparse representation;spectral-graph-based algorithm;Laplace equations;Poisson equation;face recognition;graph theory;image classification;image representation;Algorithms;Biometric Identification;Face;Humans;Image Processing, Computer-Assisted;Poisson Distribution;},
doi={10.1109/TIP.2011.2109729},
ISSN={1057-7149},}






@article{CS,
  title={Compressive sensing [lecture notes]},
  author={Baraniuk, R.G.},
  journal={Signal Processing Magazine, IEEE},
  volume={24},
  number={4},
  pages={118--121},
  year={2007},
  publisher={IEEE}
}


@article{dengcviu,
title = "Commute time guided transformation for feature extraction",
journal = "Computer Vision and Image Understanding",
volume = "116",
number = "4",
pages = "473 - 483",
year = "2012",
note = "",
issn = "1077-3142",
doi = "10.1016/j.cviu.2011.11.002",
url = "http://www.sciencedirect.com/science/article/pii/S1077314211002578",
author = "Yue Deng and Qionghai Dai and Ruiping Wang and Zengke Zhang",
keywords = "Commute time",
keywords = "Random walk",
keywords = "Manifold learning",
keywords = "Face recognition",
keywords = "Feature extraction"
}






@article{deng2013differences,
  title={Differences Help Recognition: A Probabilistic Interpretation},
  author={Yue Deng and Yanyu Zhao and Yebin Liu and Qionghai Dai},
  journal={PloS one},
  volume={8},
  number={6},
  pages={e63385},
  year={2013},
  publisher={Public Library of Science}
}


@article{kong,
  title={Adaptive Distance Metric Learning for Diffusion Tensor Image Segmentation},
  author={Youyong Kong and Defeng Wang and Lin Shi and Steve C. N. Hui and Winnie C. W. Chu},
  journal={PloS ONE},
  pages={e92069},
  year={2014},
  publisher={Public Library of Science}
}




@article{deng-TNNLS,
  title={Low-Rank Structure Learning via Nonconvex Heuristic Recovery},
  author={Yue Deng and Qionghai Dai and Risheng Liu and Zengke Zhang and Sanqing Hu},
  journal={IEEE transactions on neural networks and learning systems},
  volume={24},
  number={3},
  pages={383--396},
  year={2013},
  publisher={Institute of Electrical and Electronics Engineers}
}





@article{bp,
  title={Atomic decomposition by basis pursuit},
  author={Chen, Scott Shaobing and Donoho, David L and Saunders, Michael A},
  journal={SIAM journal on scientific computing},
  volume={20},
  number={1},
  pages={33--61},
  year={1998},
  publisher={SIAM}
}




@article{GAMI,
author={Deng, Y. and Li, Y. and Qian, Y. and Ji, X. and Dai, Q.},
journal={to appear in Cybernetics, IEEE Transactions on},
title={Visual Words Assignment Via Information-Theoretic Manifold Embedding},
year={2014},}


@inproceedings{SC,
  title={Linear spatial pyramid matching using sparse coding for image classification},
  author={Yang, J. and Yu, K. and Gong, Y. and Huang, T.},
  booktitle={Computer Vision and Pattern Recognition, 2009. CVPR 2009. IEEE Conference on},
  pages={1794--1801},
  year={2009},
  organization={IEEE}
}

@article{deng2012noisy,
  title={Noisy Depth Maps Fusion for Multiview Stereo Via Matrix Completion},
  author={Deng, Y. and Liu, Y. and Dai, Q. and Zhang, Z. and Wang, Y.},
  journal={Selected Topics in Signal Processing, IEEE Journal of},
  volume={6},
  number={5},
  pages={566--582},
  year={2012},
  publisher={IEEE}
}

@ARTICLE{suo_tip,
author={Jinli Suo and Yue Deng and Liheng Bian and Qionghai Dai},
journal={Image Processing, IEEE Transactions on},
title={Joint Non-Gaussian Denoising and Superresolving of Raw High Frame Rate Videos},
year={2014},
month={March},
volume={23},
number={3},
pages={1154-1168},
keywords={Gaussian processes;convex programming;image denoising;image reconstruction;image resolution;video signal processing;combinational superresolving;convex optimization;high frame rate videos;image reconstruction;image resolution;joint nonGaussian denoising;local linearization;noise separation;noise-free image stack;nonlinear noise model;occlusions;signal strength;signal-noise-ratio;sparse coefficients;Noise;Noise reduction;Optimization;Signal resolution;Spatial resolution;Videos;High frame rate video;signal-dependent denoising;super-resolution},
doi={10.1109/TIP.2014.2298976},
ISSN={1057-7149},}


@ARTICLE{DRL,
author={Moody, J. and Saffell, M.},
journal={Neural Networks, IEEE Transactions on},
title={Learning to trade via direct reinforcement},
year={2001},
month={Jul},
volume={12},
number={4},
pages={875-889},
keywords={decision theory;investment;learning (artificial intelligence);optimisation;stochastic systems;stock markets;DR;RRL;S&P 500 Stock Index;T-Bills;asset allocations;differential Sharpe ratio;direct reinforcement learning;financial data;forecasting models;intra-daily currency trader;investment decision-making;investment policies;monthly asset allocation system;portfolio optimization;recurrent reinforcement learning;risk-adjusted investment return optimization;stochastic control problem;trading systems;transaction costs;Adaptive algorithm;Asset management;Decision making;Dynamic programming;Investments;Learning;Optimization methods;Portfolios;Predictive models;Stochastic processes},
doi={10.1109/72.935097},
ISSN={1045-9227},}

@article{BPTT,
  title={Backpropagation through time: what it does and how to do it},
  author={Werbos, Paul J},
  journal={Proceedings of the IEEE},
  volume={78},
  number={10},
  pages={1550--1560},
  year={1990},
  publisher={IEEE}
}

@article{HFT_LD,
author={Christensen, H.L. and Murphy, J. and Godsill, S.J.},
journal={Selected Topics in Signal Processing, IEEE Journal of},
title={Forecasting High-Frequency Futures Returns Using Online Langevin Dynamics},
year={2012},
month={Aug},
volume={6},
number={4},
pages={366-380}
}


@article{HFT_ABMM,
author={Ponta, L. and Scalas, E. and Raberto, M. and Cincotti, S.},
journal={Selected Topics in Signal Processing, IEEE Journal of},
title={Statistical Analysis and Agent-Based Microstructure Modeling of High-Frequency Financial Trading},
year={2012},
month={Aug},
volume={6},
number={4},
pages={381-387}
}


@article{HFT_SM,
author={Cont, R.},
journal={Signal Processing Magazine, IEEE},
title={Statistical Modeling of High-Frequency Financial Data},
year={2011},
month={Sept},
volume={28},
number={5},
pages={16-25}
}


@article{SC_IP,
author={Elad, M. and Figueiredo, M.A.T. and Yi Ma},
journal={Proceedings of the IEEE},
title={On the Role of Sparse and Redundant Representations in Image Processing},
year={2010},
month={June},
volume={98},
number={6},
pages={972-982}
}



@ARTICLE{SC_FS,
author={Tosic, I. and Olshausen, B.A. and Culpepper, B.J.},
journal={Selected Topics in Signal Processing, IEEE Journal of},
title={Learning Sparse Representations of Depth},
year={2011},
month={Sept},
volume={5},
number={5},
pages={941-952}
}
@inproceedings{kamijo1990stock,
  title={Stock price pattern recognition-a recurrent neural network approach},
  author={Kamijo, Ken-ichi and Tanigawa, Tetsuji},
  booktitle={Neural Networks, 1990., 1990 IJCNN International Joint Conference on},
  pages={215--221},
  year={1990},
  organization={IEEE}
}

@book{murphy1999technical,
  title={Technical analysis of the financial markets: A comprehensive guide to trading methods and applications},
  author={Murphy, John J},
  year={1999},
  publisher={Penguin}
}

@book{bertsekas1995dynamic,
  title={Dynamic programming and optimal control},
  author={Bertsekas, Dimitri P and Bertsekas, Dimitri P and Bertsekas, Dimitri P and Bertsekas, Dimitri P},
  volume={1},
  number={2},
  year={1995},
  publisher={Athena Scientific Belmont, MA}
}



@article{sharpe1994sharpe,
  title={The sharpe ratio},
  author={Sharpe, William F},
  journal={The journal of portfolio management},
  volume={21},
  number={1},
  pages={49--58},
  year={1994},
  publisher={Institutional Investor Journals}
}

@article{ledoit2008robust,
  title={Robust performance hypothesis testing with the Sharpe ratio},
  author={Ledoit, Oliver and Wolf, Michael},
  journal={Journal of Empirical Finance},
  volume={15},
  number={5},
  pages={850--859},
  year={2008},
  publisher={Elsevier}
}

@article{bengio1994learning,
  title={Learning long-term dependencies with gradient descent is difficult},
  author={Bengio, Yoshua and Simard, Patrice and Frasconi, Paolo},
  journal={Neural Networks, IEEE Transactions on},
  volume={5},
  number={2},
  pages={157--166},
  year={1994},
  publisher={IEEE}
}

@article{pal1994measuring,
  title={Measuring fuzzy uncertainty},
  author={Pal, Nikhil R and Bezdek, James C},
  journal={Fuzzy Systems, IEEE Transactions on},
  volume={2},
  number={2},
  pages={107--118},
  year={1994},
  publisher={IEEE}
}

@article{klir1988fuzzy,
  title={Fuzzy sets, uncertainty, and information},
  author={Klir, George J and Folger, Tina A},
  year={1988},
  publisher={Prentice Hall}
}

@book{bransford1999people,
  title={How people learn: Brain, mind, experience, and school.},
  author={Bransford, John D and Brown, Ann L and Cocking, Rodney R},
  year={1999},
  publisher={National Academy Press}
}

@article{ohyama2006learning,
  title={Learning-induced plasticity in deep cerebellar nucleus},
  author={Ohyama, Tatsuya and Nores, William L and Medina, Javier F and Riusech, Frank A and Mauk, Michael D},
  journal={The Journal of neuroscience},
  volume={26},
  number={49},
  pages={12656--12663},
  year={2006},
  publisher={Soc Neuroscience}
}

@article{dahl2012context,
  title={Context-dependent pre-trained deep neural networks for large-vocabulary speech recognition},
  author={Dahl, George E and Yu, Dong and Deng, Li and Acero, Alex},
  journal={Audio, Speech, and Language Processing, IEEE Transactions on},
  volume={20},
  number={1},
  pages={30--42},
  year={2012},
  publisher={IEEE}
}

@inproceedings{lee2009convolutional,
  title={Convolutional deep belief networks for scalable unsupervised learning of hierarchical representations},
  author={Lee, Honglak and Grosse, Roger and Ranganath, Rajesh and Ng, Andrew Y},
  booktitle={Proceedings of the 26th Annual International Conference on Machine Learning},
  pages={609--616},
  year={2009},
  organization={ACM}
}

@article{poterba1988mean,
  title={Mean reversion in stock prices: Evidence and implications},
  author={Poterba, James M and Summers, Lawrence H},
  journal={Journal of financial economics},
  volume={22},
  number={1},
  pages={27--59},
  year={1988},
  publisher={Elsevier}
}

@article{neely2014forecasting,
  title={Forecasting the equity risk premium: the role of technical indicators},
  author={Neely, Christopher J and Rapach, David E and Tu, Jun and Zhou, Guofu},
  journal={Management Science},
  volume={60},
  number={7},
  pages={1772--1791},
  year={2014},
  publisher={INFORMS}
}

@book{puterman2014markov,
  title={Markov decision processes: discrete stochastic dynamic programming},
  author={Puterman, Martin L},
  year={2014},
  publisher={John Wiley \& Sons}
}

@ARTICLE{6678782,
author={Yong-Duan Song and Qi Song and Wen-Chuan Cai},
journal={Intelligent Transportation Systems, IEEE Transactions on},
title={Fault-Tolerant Adaptive Control of High-Speed Trains Under Traction/Braking Failures: A Virtual Parameter-Based Approach},
year={2014},
month={April},
volume={15},
number={2},
pages={737-748},
keywords={Lyapunov methods;adaptive control;aerodynamics;braking;closed loop systems;fault tolerant control;numerical analysis;position control;rail traffic control;stability;traction;vehicle dynamics;velocity control;Lyapunov stability theory;automated train control scheme;backstepping adaptive control method;braking failure;closed-loop tracking stability;coupling effects;fault tolerant adaptive control;formative mathematical analysis;fully parameter independent control algorithms;high speed trains;longitudinal aerodynamics;numerical simulations;position tracking;tracking-braking dynamics;traction failure;velocity tracking;virtual parameter-based approach;Aerodynamics;Control design;Fault tolerance;Fault tolerant systems;Traction motors;Vehicle dynamics;Vehicles;Adaptive backstepping control;asymptotic stability;automatic train operation;virtual parameter},
doi={10.1109/TITS.2013.2290310},
ISSN={1524-9050},}

@article{beom1995sensor,
  title={A sensor-based navigation for a mobile robot using fuzzy logic and reinforcement learning},
  author={Beom, Hee Rak and Cho, Kyung Suck},
  journal={Systems, Man and Cybernetics, IEEE Transactions on},
  volume={25},
  number={3},
  pages={464--477},
  year={1995},
  publisher={IEEE}
}

@inproceedings{graves2013speech,
  title={Speech recognition with deep recurrent neural networks},
  author={Graves, Alex and Mohamed, A-R and Hinton, Geoffrey},
  booktitle={Acoustics, Speech and Signal Processing (ICASSP), 2013 IEEE International Conference on},
  pages={6645--6649},
  year={2013},
  organization={IEEE}
}


@inproceedings{lee2009convolutional,
  title={Convolutional deep belief networks for scalable unsupervised learning of hierarchical representations},
  author={Lee, Honglak and Grosse, Roger and Ranganath, Rajesh and Ng, Andrew Y},
  booktitle={Proceedings of the 26th Annual International Conference on Machine Learning},
  pages={609--616},
  year={2009},
  organization={ACM}
}

@article{bengio2009learning,
  title={Learning deep architectures for AI},
  author={Bengio, Yoshua},
  journal={Foundations and trends{\textregistered} in Machine Learning},
  volume={2},
  number={1},
  pages={1--127},
  year={2009},
  publisher={Now Publishers Inc.}
}



@article{mnih2015human,
  title={Human-level control through deep reinforcement learning},
  author={Mnih, Volodymyr and Kavukcuoglu, Koray and Silver, David and Rusu, Andrei A and Veness, Joel and Bellemare, Marc G and Graves, Alex and Riedmiller, Martin and Fidjeland, Andreas K and Ostrovski, Georg and others},
  journal={Nature},
  volume={518},
  number={7540},
  pages={529--533},
  year={2015},
  publisher={Nature Publishing Group}
}

@article{ang2006stock,
  title={Stock trading using RSPOP: a novel rough set-based neuro-fuzzy approach},
  author={Ang, Kai Keng and Quek, Chai},
  journal={Neural Networks, IEEE Transactions on},
  volume={17},
  number={5},
  pages={1301--1315},
  year={2006},
  publisher={IEEE}
}

@book{barto1998reinforcement,
  title={Reinforcement learning: An introduction},
  author={Barto, Andrew G},
  year={1998},
  publisher={MIT press}
}

@article{dempster2001computational,
  title={Computational learning techniques for intraday FX trading using popular technical indicators},
  author={Dempster, MAH and Payne, Tom W and Romahi, Yazann and Thompson, GWP},
  journal={IEEE Transactions on neural networks},
  volume={12},
  number={4},
  pages={744--754},
  year={2001}
}

@article{dempster2006automated,
  title={An automated FX trading system using adaptive reinforcement learning},
  author={Dempster, Michael AH and Leemans, V},
  journal={Expert Systems with Applications},
  volume={30},
  number={3},
  pages={543--552},
  year={2006},
  publisher={Elsevier}
}


@article{kearnsmachine,
  title={Machine Learning for Market Microstructure and High Frequency Trading},
  author={Kearns, Michael and Nevmyvaka, Yuriy}
    journal={Tech. Rep.},
      year={2013},


}



@article{TSK,
  title={Task-driven dictionary learning},
  author={Mairal, Julien and Bach, Francis and Ponce, Jean},
  journal={Pattern Analysis and Machine Intelligence, IEEE Transactions on},
  volume={34},
  number={4},
  pages={791--804},
  year={2012},
  publisher={IEEE}
}








@article{sparsedictionary,
  title={Efficient sparse coding algorithms},
  author={Lee, H. and Battle, A. and Raina, R. and Ng, A.Y.},
  journal={Advances in neural information processing systems},
  volume={19},
  pages={801},
  year={2007},
  publisher={MIT; 1998}
}

@ARTICLE{deng-jstsp,
author={Deng, Y. and Liu, Y. and Dai, Q. and Zhang, Z. and Wang, Y.},
journal={Selected Topics in Signal Processing, IEEE Journal of}, title={Noisy Depth Maps Fusion for Multiview Stereo Via Matrix Completion},
year={2012},
month={sept. },
volume={6},
number={5},
pages={566 -582},
keywords={},
doi={10.1109/JSTSP.2012.2195472},
ISSN={1932-4553},}







@ARTICLE{dengtip,
author={Yue Deng and Qionghai Dai and Zengke Zhang},
journal={Image Processing, IEEE Transactions on}, title={Graph Laplace for Occluded Face Completion and Recognition},
year={2011},
month={aug. },
volume={20},
number={8},
pages={2329 -2338},
keywords={Poisson equation;face image repairing;face recognition;graph Laplace equation;image-based data mining;occluded face image completion algorithm;partially occluded face classification;sparse representation;spectral-graph-based algorithm;Laplace equations;Poisson equation;face recognition;graph theory;image classification;image representation;Algorithms;Biometric Identification;Face;Humans;Image Processing, Computer-Assisted;Poisson Distribution;},
doi={10.1109/TIP.2011.2109729},
ISSN={1057-7149},}






@article{CS,
  title={Compressive sensing [lecture notes]},
  author={Baraniuk, R.G.},
  journal={Signal Processing Magazine, IEEE},
  volume={24},
  number={4},
  pages={118--121},
  year={2007},
  publisher={IEEE}
}


@article{dengcviu,
title = "Commute time guided transformation for feature extraction",
journal = "Computer Vision and Image Understanding",
volume = "116",
number = "4",
pages = "473 - 483",
year = "2012",
note = "",
issn = "1077-3142",
doi = "10.1016/j.cviu.2011.11.002",
url = "http://www.sciencedirect.com/science/article/pii/S1077314211002578",
author = "Yue Deng and Qionghai Dai and Ruiping Wang and Zengke Zhang",
keywords = "Commute time",
keywords = "Random walk",
keywords = "Manifold learning",
keywords = "Face recognition",
keywords = "Feature extraction"
}






@article{deng2013differences,
  title={Differences Help Recognition: A Probabilistic Interpretation},
  author={Yue Deng and Yanyu Zhao and Yebin Liu and Qionghai Dai},
  journal={PloS one},
  volume={8},
  number={6},
  pages={e63385},
  year={2013},
  publisher={Public Library of Science}
}


@article{kong,
  title={Adaptive Distance Metric Learning for Diffusion Tensor Image Segmentation},
  author={Youyong Kong and Defeng Wang and Lin Shi and Steve C. N. Hui and Winnie C. W. Chu},
  journal={PloS ONE},
  pages={e92069},
  year={2014},
  publisher={Public Library of Science}
}




@article{deng-TNNLS,
  title={Low-Rank Structure Learning via Nonconvex Heuristic Recovery},
  author={Yue Deng and Qionghai Dai and Risheng Liu and Zengke Zhang and Sanqing Hu},
  journal={IEEE transactions on neural networks and learning systems},
  volume={24},
  number={3},
  pages={383--396},
  year={2013},
  publisher={Institute of Electrical and Electronics Engineers}
}





@article{bp,
  title={Atomic decomposition by basis pursuit},
  author={Chen, Scott Shaobing and Donoho, David L and Saunders, Michael A},
  journal={SIAM journal on scientific computing},
  volume={20},
  number={1},
  pages={33--61},
  year={1998},
  publisher={SIAM}
}




@article{GAMI,
author={Deng, Y. and Li, Y. and Qian, Y. and Ji, X. and Dai, Q.},
journal={to appear in Cybernetics, IEEE Transactions on},
title={Visual Words Assignment Via Information-Theoretic Manifold Embedding},
year={2014},}


@inproceedings{SC,
  title={Linear spatial pyramid matching using sparse coding for image classification},
  author={Yang, J. and Yu, K. and Gong, Y. and Huang, T.},
  booktitle={Computer Vision and Pattern Recognition, 2009. CVPR 2009. IEEE Conference on},
  pages={1794--1801},
  year={2009},
  organization={IEEE}
}

@article{deng2012noisy,
  title={Noisy Depth Maps Fusion for Multiview Stereo Via Matrix Completion},
  author={Deng, Y. and Liu, Y. and Dai, Q. and Zhang, Z. and Wang, Y.},
  journal={Selected Topics in Signal Processing, IEEE Journal of},
  volume={6},
  number={5},
  pages={566--582},
  year={2012},
  publisher={IEEE}
}

@ARTICLE{suo_tip,
author={Jinli Suo and Yue Deng and Liheng Bian and Qionghai Dai},
journal={Image Processing, IEEE Transactions on},
title={Joint Non-Gaussian Denoising and Superresolving of Raw High Frame Rate Videos},
year={2014},
month={March},
volume={23},
number={3},
pages={1154-1168},
keywords={Gaussian processes;convex programming;image denoising;image reconstruction;image resolution;video signal processing;combinational superresolving;convex optimization;high frame rate videos;image reconstruction;image resolution;joint nonGaussian denoising;local linearization;noise separation;noise-free image stack;nonlinear noise model;occlusions;signal strength;signal-noise-ratio;sparse coefficients;Noise;Noise reduction;Optimization;Signal resolution;Spatial resolution;Videos;High frame rate video;signal-dependent denoising;super-resolution},
doi={10.1109/TIP.2014.2298976},
ISSN={1057-7149},}


@article{scot,
  title={Sparse Coding-Inspired Optimal Trading System for HFT Industry},
  author={Deng, Yue and Kong, Youyong and Bao, Feng and Dai, Qionghai},
  journal={Industrial Informatics, IEEE Transactions on},
  volume={11},
  number={2},
  pages={467--475},
  year={2015},
  publisher={IEEE}
}



@article{TNNLS,
  title={Low-rank structure learning via nonconvex heuristic recovery},
  author={Deng, Yue and Dai, Qionghai and Liu, Risheng and Zhang, Zengke and Hu, Sanqing},
  journal={Neural Networks and Learning Systems, IEEE Transactions on},
  volume={24},
  number={3},
  pages={383--396},
  year={2013},
  publisher={IEEE}
}

@article{wong1992fuzzy,
  title={Fuzzy neural systems for stock selection},
  author={Wong, FS and Wang, PZ and Goh, TH and Quek, BK},
  journal={Financial Analysts Journal},
  volume={48},
  number={1},
  pages={47--52},
  year={1992},
  publisher={CFA Institute}
}

@article{lin2001self,
  title={Self-constructing fuzzy neural network speed controller for permanent-magnet synchronous motor drive},
  author={Lin, Faa-Jeng and Lin, Chih-Hong and Shen, Po-Hung},
  journal={Fuzzy Systems, IEEE Transactions on},
  volume={9},
  number={5},
  pages={751--759},
  year={2001},
  publisher={IEEE}
}

@article{buckley1994fuzzy,
  title={Fuzzy neural networks: A survey},
  author={Buckley, James J and Hayashi, Yoichi},
  journal={Fuzzy sets and systems},
  volume={66},
  number={1},
  pages={1--13},
  year={1994},
  publisher={Elsevier}
}


@incollection{SDG,
  title={Large-scale machine learning with stochastic gradient descent},
  author={Bottou, L{\'e}on},
  booktitle={Proceedings of COMPSTAT'2010},
  pages={177--186},
  year={2010},
  publisher={Springer}
}


@ARTICLE{fuzzy-portfolio,
author={Mehlawat, M.K. and Gupta, P.},
journal={Fuzzy Systems, IEEE Transactions on},
title={Fuzzy Chance-Constrained Multiobjective Portfolio Selection Model},
year={2014},
month={June},
volume={22},
number={3},
pages={653-671},
doi={10.1109/TFUZZ.2013.2272479},
ISSN={1063-6706},}

@ARTICLE{scot,
author={Deng, Y. and Kong, Y. and Bao, F. and Dai, Q.},
journal={Industrial Informatics, IEEE Transactions on},
title={Sparse Coding-Inspired Optimal Trading System for HFT Industry},
year={2015},
month={April},
volume={11},
number={2},
pages={467-475},
keywords={Dictionaries;Encoding;Feature extraction;Industries;Informatics;Optimization;Robustness;Financial industry;financial signal processing;high frequency trading;high-frequency trading (HFT);reinforcement learning;reinforcement learning (RL);sparse coding;sparse coding (SC)},
doi={10.1109/TII.2015.2404299},
ISSN={1551-3203},}

@article{kwan1994fuzzy,
  title={A fuzzy neural network and its application to pattern recognition},
  author={Kwan, Hon Keung and Cai, Yaling},
  journal={Fuzzy Systems, IEEE Transactions on},
  volume={2},
  number={3},
  pages={185--193},
  year={1994},
  publisher={IEEE}
}

@article{FNN,
  title={Neural-network-based fuzzy logic control and decision system},
  author={Lin, Chin-Teng and Lee, C. S. George},
  journal={Computers, IEEE Transactions on},
  volume={40},
  number={12},
  pages={1320--1336},
  year={1991},
  publisher={IEEE}
}





@article{deng2013differences,
  title={Differences Help Recognition: A Probabilistic Interpretation},
  author={Deng, Yue and Zhao, Yanyu and Liu, Yebin and Dai, Qionghai},
  journal={PloS one},
  volume={8},
  number={6},
  pages={e63385},
  year={2013},
  publisher={Public Library of Science}
}


@ARTICLE{deng_tcyb,
author={Yue Deng and Yipeng Li and Yanjun Qian and Xiangyang Ji and Qionghai Dai},
journal={Cybernetics, IEEE Transactions on},
title={Visual Words Assignment Via Information-Theoretic Manifold Embedding},
year={2014},
month={Oct},
volume={44},
number={10},
pages={1924-1937},
doi={10.1109/TCYB.2014.2300192},
ISSN={2168-2267},}


@article{DA,
  title={Stacked denoising autoencoders: Learning useful representations in a deep network with a local denoising criterion},
  author={Vincent, Pascal and Larochelle, Hugo and Lajoie, Isabelle and Bengio, Yoshua and Manzagol, Pierre-Antoine},
  journal={The Journal of Machine Learning Research},
  volume={11},
  pages={3371--3408},
  year={2010},
  publisher={JMLR. org}
}



@inproceedings{lee2009convolutional,
  title={Convolutional deep belief networks for scalable unsupervised learning of hierarchical representations},
  author={Lee, Honglak and Grosse, Roger and Ranganath, Rajesh and Ng, Andrew Y},
  booktitle={Proceedings of the 26th Annual International Conference on Machine Learning},
  pages={609--616},
  year={2009},
  organization={ACM}
}






@article{bengio2007scaling,
  title={Scaling learning algorithms towards AI},
  author={Bengio, Yoshua and LeCun, Yann},
  journal={Large-scale kernel machines},
  volume={34},
  pages={1--41},
  year={2007}
}


@article{bengio2007greedy,
  title={Greedy layer-wise training of deep networks},
  author={Bengio, Yoshua and Lamblin, Pascal and Popovici, Dan and Larochelle, Hugo},
  journal={Advances in neural information processing systems},
  volume={19},
  pages={153},
  year={2007},
  publisher={MIT; 1998}
}


@inproceedings{ngiam2011multimodal,
  title={Multimodal deep learning},
  author={Ngiam, Jiquan and Khosla, Aditya and Kim, Mingyu and Nam, Juhan and Lee, Honglak and Ng, Andrew Y},
  booktitle={Proceedings of the 28th International Conference on Machine Learning (ICML-11)},
  pages={689--696},
  year={2011}
}




@article{mrisegapp,
  title={Automated detection of white matter signal abnormality using T2 relaxometry: Application to brain segmentation on term MRI in very preterm infants},
  author={He, Lili, and Nehal A. Parikh},
  journal={Neuroimage},
  volume={64},
  pages={328--340},
  year={2013},
}

@article{slic,
author={Achanta, R. and Shaji, A. and Smith, K. and Lucchi, A. and Fua, P. and Su?sstrunk, S.},
journal={Pattern Analysis and Machine Intelligence, IEEE Transactions on},
title={SLIC Superpixels Compared to State-of-the-Art Superpixel Methods},
year={2012},
volume={34},
number={11},
pages={2274--2282}
}


@article{itds,
  title={Discriminative Clustering and Feature Selection for Brain MRI Segmentation},
  author={Kong, Youyong, and Deng, Yue, and Dai, Qionghai},
  journal={IEEE Signal Processing Letters},
  volume={22},
  number={5},
  pages={573--577},
  year={2015},
}

@article{fsl,
 author={Zhang, Y. and Brady, M. and Smith, S.},
 journal={IEEE Transactions on Medical Imaging},
 title={Segmentation of brain MR images through a hidden Markov random field model and the expectation-maximization algorithm},
 year={2001},
 volume={20},
 number={1},
 pages={45--57}
}

@article{spm,
 author={Ashburner, J., and Friston, KJ. },
 journal={Neuroimage},
 title={Unified segmentation},
 year={2005},
 volume={26},
 number={3},
 pages={839--851}
}

@article{dsc,
 author={Dogdas, B., and Shattuck, D.W., and Leahy, R.M..},
 journal={Hum Brain Mapp},
 title={Segmentation of skull and scalp in 3-D human MRI using mathematical morphology},
 year={2005},
 volume={26},
 number={4},
 pages={273--285}
}

@article{ibsr,
author={Rohlfing, T.},
journal={IEEE Transactions on Medical Imaging},
title={Image Similarity and Tissue Overlaps as Surrogates for Image Registration Accuracy: Widely Used but Unreliable},
year={2012},
volume={31},
number={2},
pages={153--163}
}

@article{mriheterogeneity,
author={Greenspan, H. and Ruf, A. and Goldberger, J.},
journal={IEEE Transactions on Medical Imaging},
title={Constrained Gaussian mixture model framework for automatic segmentation of MR brain images},
year={2006},
volume={25},
number={9},
pages={1233--1245}
}

@article{daisy,
author={Tola, Engin and Lepetit, V. and Fua, P.},
journal={Pattern Analysis and Machine Intelligence, IEEE Transactions on},
title={DAISY: An Efficient Dense Descriptor Applied to Wide-Baseline Stereo},
year={2010},
volume={32},
number={5},
pages={815--830}
}



@article{lbp,
author={Liao, S. and Law, M.W.K. and Chung, A.C.S.},
journal={Image Processing, IEEE Transactions on},
title={Dominant Local Binary Patterns for Texture Classification},
year={2009},
volume={18},
number={5},
pages={1107--1118}
}

@article{sift,
author={David G. Lowe},
journal={International Journal of Computer Vision},
title={Distinctive Image Features from Scale-Invariant Keypoints},
year={2004},
volume={60},
number={2},
pages={91--110}
}

@article{brainweb,
author={Kwan, R.K.-S. and Evans, A.C. and Pike, G.B.},
journal={Medical Imaging, IEEE Transactions on},
title={MRI simulation-based evaluation of image-processing and classification methods},
year={1999},
volume={18},
number={11},
pages={1085-1097},
}

@article{SVM-FNN,
  title={Support-vector-based fuzzy neural network for pattern classification},
  author={Lin, Chin-Teng and Yeh, Chang-Mao and Liang, Sheng-Fu and Chung, Jen-Feng and Kumar, Nimit},
  journal={Fuzzy Systems, IEEE Transactions on},
  volume={14},
  number={1},
  pages={31--41},
  year={2006},
  publisher={IEEE}
}

@article{hinton2006reducing,
  title={Reducing the dimensionality of data with neural networks},
  author={Hinton, Geoffrey E and Salakhutdinov, Ruslan R},
  journal={Science},
  volume={313},
  number={5786},
  pages={504--507},
  year={2006},
  publisher={American Association for the Advancement of Science}
}

@inproceedings{BP,
  title={Theory of the backpropagation neural network},
  author={Hecht-Nielsen, Robert},
  booktitle={Neural Networks, 1989. IJCNN., International Joint Conference on},
  pages={593--605},
  year={1989},
  organization={IEEE}
}

@article{self-constructing-fnn,
  title={An online self-constructing neural fuzzy inference network and its applications},
  author={Juang, Chia-Feng and Lin, Chin-Teng},
  journal={Fuzzy Systems, IEEE Transactions on},
  volume={6},
  number={1},
  pages={12--32},
  year={1998},
  publisher={IEEE}
}


@ARTICLE{6971146,
author={Dongbin Zhao and Yuanheng Zhu},
journal={Neural Networks and Learning Systems, IEEE Transactions on},
title={MEC:A Near-Optimal Online Reinforcement Learning Algorithm for Continuous Deterministic Systems},
year={2015},
month={Feb},
volume={26},
number={2},
pages={346-356},
keywords={computational complexity;continuous systems;learning (artificial intelligence);MEC algorithm;PAC algorithm;continuous deterministic system;exploration principle;greedy policy;near-optimal online reinforcement learning algorithm;near-upper Q function;near-upper Q operator;polynomial time bound;probably approximately correct algorithm;state aggregation technique;system dynamics;Algorithm design and analysis;Approximation algorithms;Heuristic algorithms;Learning systems;Partitioning algorithms;Polynomials;Upper bound;Efficient exploration;probably approximately correct (PAC);reinforcement learning (RL);state aggregation;state aggregation.},
doi={10.1109/TNNLS.2014.2371046},
ISSN={2162-237X},}

@article{schultz1997neural,
  title={A neural substrate of prediction and reward},
  author={Schultz, Wolfram and Dayan, Peter and Montague, P Read},
  journal={Science},
  volume={275},
  number={5306},
  pages={1593--1599},
  year={1997},
  publisher={American Association for the Advancement of Science}
}

@ARTICLE{DRL,
author={Moody, J. and Saffell, M.},
journal={Neural Networks, IEEE Transactions on},
title={Learning to trade via direct reinforcement},
year={2001},
month={Jul},
volume={12},
number={4},
pages={875-889},
keywords={decision theory;investment;learning (artificial intelligence);optimisation;stochastic systems;stock markets;DR;RRL;S&P 500 Stock Index;T-Bills;asset allocations;differential Sharpe ratio;direct reinforcement learning;financial data;forecasting models;intra-daily currency trader;investment decision-making;investment policies;monthly asset allocation system;portfolio optimization;recurrent reinforcement learning;risk-adjusted investment return optimization;stochastic control problem;trading systems;transaction costs;Adaptive algorithm;Asset management;Decision making;Dynamic programming;Investments;Learning;Optimization methods;Portfolios;Predictive models;Stochastic processes},
doi={10.1109/72.935097},
ISSN={1045-9227},}

@article{BPTT,
  title={Backpropagation through time: what it does and how to do it},
  author={Werbos, Paul J},
  journal={Proceedings of the IEEE},
  volume={78},
  number={10},
  pages={1550--1560},
  year={1990},
  publisher={IEEE}
}
